@online{site:agile-manifesto,
    title   = {Manifesto Agile},
    url     = {http://agilemanifesto.org/iso/it/}
}

@online{site:ibc,
	title	= {Sito IBC},
	url	= {http://www.ibc.it/}
}

@online{site:sysaid,
	title	= {Sito SysAid},
	url	= {https://www.sysaid.com/ita/}
}

@online{site:scribd,
	title	= {Paper "JCR or RDBMS: why, when, how?"},
	url	= {https://goo.gl/ngzgKt}
}

@online{site:onjava,
	title	= {Articolo "What is Java Content Repository"},
	url	= {https://goo.gl/8HWDRZ}
}

@online{site:thoughtworks,
	title	= {Articolo "ThoughtWorks Technology Radar Gennaio 2014"},
	url	= {https://goo.gl/dfxpaC}
}

@online{site:jsr170,
	title	= {Standard JSR 170},
	url	= {https://jcp.org/en/jsr/detail?id=170}
}

@online{site:jsr283,
	title	= {Standard JSR 283},
	url	= {https://jcp.org/en/jsr/detail?id=283}
}

@online{site:subversion,
	title	= {Sito Apache Subversion},
	url	= {https://subversion.apache.org/}
}

@online{site:maven,
	title	= {Sito Apache Maven},
	url	= {https://maven.apache.org/}
}

@online{site:jackrabbit,
	title	= {Sito Apache Jackrabbit},
	url	= {http://jackrabbit.apache.org/jcr/index.html}
}

@online{site:tomcat,
	title	= {Sito Apache Tomcat},
	url	= {http://tomcat.apache.org/}
}
